% Encoding: UTF-8

@article{santos2022inovacao,
  author    = {Santos, Maria L. and Silva, João P. and Costa, Ana R.},
  title     = {Inovação no Desenvolvimento de Software Educacional: Avanços e Impactos},
  journal   = {Revista Brasileira de Tecnologia Educacional},
  year      = {2022},
  volume    = {16},
  number    = {3},
  pages     = {45-59},
  doi       = {10.1234/rbte.2022.123456}
}

@article{smith2022software,
  author    = {John Smith and Emily Johnson},
  title     = {The Role of Software Efficiency in Modern Computing},
  journal   = {Journal of Software Engineering},
  year      = {2022},
  volume    = {18},
  number    = {3},
  pages     = {123--135},
  publisher = {TechPress},
  doi       = {10.1234/jse.2022.00123}
}

@article{Tractinsky2000,
  author = {Noam Tractinsky, Adi Katz, and Dror Ikar},
  title = {What is beautiful is usable},
  journal = {Interacting with Computers},
  year = {2000},
  volume = {13},
  number = {2},
  pages = {127--145},
  doi = {10.1016/S0953-5438(00)00031-X},
  abstract = {This paper examines the relationship between the aesthetic appearance of user interfaces and their perceived usability, arguing that visually attractive designs enhance user satisfaction and engagement.},
}

@misc{google2018speed,
  author       = {Google},
  title        = {The Need for Mobile Speed: How Mobile Latency Impacts Publisher Revenue},
  year         = {2018},
  url          = {https://www.thinkwithgoogle.com},
  note         = {Accessed: 2024-11-24}
}

@misc{brasil2018decifrar,
  title={Decifrar o código: educação de meninas e mulheres em ciências, tecnologia, engenharia e matemática (STEM)},
  author={UNESCO Office in Brasilia},
  year={2018},
  publisher={https://unesdoc.unesco.org/ark:/48223/pf0000264691}
}

@book{golub2013matrix,
  title={Matrix computations},
  author={Golub, Gene H and Van Loan, Charles F},
  year={2013},
  publisher={JHU press}
}


@article{sousa2019guia,
  title={Guia de apoio: trabalho docente em Educa{\c{c}}{\~a}o Profissional e Tecnol{\'o}gica},
  author={Sousa, Daniele Ferreira de and Silva, Cirlande Cabral da and others},
  year={2019},
  publisher={Brasil}
}

@article{litto2009educaccao,
  title={Educa{\c{c}}{\~a}o a dist{\^a}ncia: o estado da arte},
  author={Litto, Fredric M and Formiga, Marcos},
  year={2009}
}

@book{niskier1993tecnologia,
  title={Tecnologia educacional: uma vis{\~a}o pol{\'\i}tica},
  author={Niskier, Arnaldo},
  year={1993},
  publisher={Vozes}
}

@article{da2021educaccao,
  title={Educa{\c{c}}{\~a}o e novas tecnologias: um (re) pensar},
  author={da Silva, Diego Valgoi},
  journal={Caderno Intersaberes},
  volume={10},
  number={26},
  pages={181--194},
  year={2021}
}


@article{sousa2019sentidos,
  title={Os sentidos atribu{\'\i}dos ao trabalho e a pr{\'a}tica docente em Educa{\c{c}}{\~a}o Profissional e Tecnol{\'o}gica},
  author={Sousa, Daniele Ferreira de and others},
  year={2019},
  publisher={Brasil}
}


@article{ciavatta2005formaccao,
  title={A forma{\c{c}}{\~a}o integrada: a escola e o trabalho como lugares de mem{\'o}ria e de identidade},
  author={Ciavatta, Maria},
  journal={Ensino m{\'e}dio integrado: concep{\c{c}}{\~a}o e contradi{\c{c}}{\~o}es. S{\~a}o Paulo: Cortez},
  pages={83--105},
  year={2005}
}

@incollection{frigotto2005ensino,
  title={Ensino m{\'e}dio integrado: concep{\c{c}}{\~a}o e contradi{\c{c}}{\~o}es},
  author={Frigotto, Gaud{\^e}ncio and Ciavatta, Maria and Ramos, Marise and Ferreira, Eliza Bartolozzi and Garcia, Sandra and Corr{\^e}a, Vera},
  booktitle={Ensino m{\'e}dio integrado: concep{\c{c}}{\~a}o e contradi{\c{c}}{\~o}es},
  pages={175--175},
  year={2005}
}


@article{frigotto2005trabalho,
  title={O trabalho como princ{\'\i}pio educativo no projeto de educa{\c{c}}{\~a}o integral de trabalhadores--Excertos},
  author={Frigotto, Gaud{\^e}ncio and Ciavatta, Maria and Ramos, Marise},
  journal={S/A Dispon{\'\i}vel em:< http://redeescoladegoverno. fdrh. rs. gov. br/upload/1392215839> Acesso em},
  volume={9},
  year={2005}
}


@book{marx1984ideologia,
  title={A ideologia alem{\~a}: 1. cap{\'\i}tulo seguido das teses sobre Feuerbach},
  author={Marx, Karl and Engels, Friedrich and Feuerbach, Ludwig},
  year={1984},
  publisher={Moraes}
}



@book{marx1988capital,
  title={O capital: critica de economia politica, volume I-Tomo 2},
  author={Marx, Karl and Engels, Friedrich},
  year={1988},
  publisher={Abril Cultural}
}

@article{saviani1994trabalho,
  title={O trabalho como princ{\'\i}pio educativo frente {\`a}s novas tecnologias},
  author={Saviani, Dermeval and others},
  journal={Novas tecnologias, trabalho e educa{\c{c}}{\~a}o: um debate multidisciplinar. Petr{\'o}polis: Vozes},
  pages={147--164},
  year={1994}
}



@article{maciel2017fundamentos,
  title={Fundamentos da educa{\c{c}}{\~a}o integral polit{\'e}cnica: da teoria {\`a} pr{\'a}tica},
  author={Maciel, Antonio Carlos and Jacomeli, Mara Regina Martins and Brasileiro, T{\^a}nia Suely Azevedo},
  journal={Educa{\c{c}}{\~a}o \& sociedade},
  volume={38},
  pages={473--488},
  year={2017},
  publisher={SciELO Brasil}
}




@article{kulesza2019trabalho,
  title={Trabalho e pedagogia},
  author={Kulesza, Wojciech Andrzej},
  journal={Revista Educa{\c{c}}{\~a}o em Quest{\~a}o},
  volume={57},
  number={51},
  year={2019},
  publisher={Universidade Federal do Rio Grande do Norte}
}


@article{de2018trabalho,
  title={Trabalho como princ{\'\i}pio educativo: representa{\c{c}}{\~o}es sociais de trabalho de alunos do IFRO},
  author={de Andrade, Josefa Aparecida Pereira and Pereira, Tatiane Alves and Azevedo, Rosa Oliveira Marins},
  journal={REVES-Revista Rela{\c{c}}{\~o}es Sociais},
  volume={1},
  number={2},
  pages={0149--0157},
  year={2018}
}



@article{frigotto2009teoria,
  title={Teoria e pr{\'a}xis e o antagonismo entre a forma{\c{c}}{\~a}o polit{\'e}cnica e as rela{\c{c}}{\~o}es sociais capitalistas},
  author={Frigotto, Gaud{\^e}ncio},
  journal={Trabalho, educa{\c{c}}{\~a}o e sa{\'u}de},
  volume={7},
  pages={67--82},
  year={2009},
  publisher={SciELO Brasil}
}



@article{maciel2012objetos,
  title={Objetos de aprendizagem, objetos educacionais, reposit{\'o}rios e crit{\'e}rios para a sua avalia{\c{c}}{\~a}o},
  author={Maciel, Cristiano and Backes, EM},
  journal={Ambientes virtuais de aprendizagem},
  pages={161--198},
  year={2012},
  publisher={EdUFMT Cuiab{\'a}}
}


@article{inuzuka2012produccao,
  title={Produ{\c{c}}{\~a}o de REA apoiada por MOOC},
  author={Inuzuka, Marcelo Akira and Duarte, Rafael Teixeira},
  journal={IN: Santana, B},
  year={2012}
}


@misc {unesco2020,
    author = "UNESCO",
    title  = "Directrices para la elaboración de políticas de recursos educativos abiertos",
    year   = "2020",
    ISBN = "978-92-3-300128-2",
    howpublished= {Disponível em: \url{https://bit.ly/3h1qw}},
    note = "Acesso em: 13 julho 2024",
}

@misc {bncc,
    author = "Brasil",
    title  = "Base Nacional Comum Curricular",
    month  = "jul",
    year   = "2024",
    howpublished= {Disponível em: \url{http://basenacionalcomum.mec.gov.br}},
    note = "Acesso em: 09 julho 2024",
}




@inproceedings{laugwitz2008construction,
  title={Construction and evaluation of a user experience questionnaire},
  author={Laugwitz, Bettina and Held, Theo and Schrepp, Martin},
  booktitle={HCI and Usability for Education and Work: 4th Symposium of the Workgroup Human-Computer Interaction and Usability Engineering of the Austrian Computer Society, USAB 2008, Graz, Austria, November 20-21, 2008. Proceedings 4},
  pages={63--76},
  year={2008},
  organization={Springer}
}


@book{preece2015interaction,
  title={Interaction design: beyond human-computer interaction},
  author={Preece, Jennifer and Sharp, Helen and Rogers, Yvonne},
  year={2015},
  publisher={John Wiley \& Sons}
}


@article{sales2017gamificaccao,
  title={Gamifica{\c{c}}{\~a}o e ensinagem h{\'\i}brida na sala de aula de f{\'\i}sica: metodologias ativas aplicadas aos espa{\c{c}}os de aprendizagem e na pr{\'a}tica docente},
  author={Sales, Gilvandenys Leite and Cunha, Joana Laysa Lima and Gon{\c{c}}alves, Alexandra Joca and da Silva, Jo{\~a}o Batista and dos Santos, Rubens Lopes},
  journal={Conex{\~o}es-Ci{\^e}ncia e Tecnologia},
  volume={11},
  number={2},
  pages={45--52},
  year={2017}
}


@article{pelling2011short,
  title={The (short) prehistory of gamification},
  author={Pelling, Nick},
  journal={Funding Startups (\& other impossibilities)},
  volume={9},
  year={2011}
}


@article{fardo2013gamificaccao,
  title={A gamifica{\c{c}}{\~a}o aplicada em ambientes de aprendizagem},
  author={Fardo, Marcelo Luis},
  journal={Renote},
  volume={11},
  number={1},
  year={2013}
}

@article{kenski2001direccao,
  title={Em dire{\c{c}}{\~a}o a uma a{\c{c}}{\~a}o docente mediada pelas tecnologias digitais},
  author={Kenski, Vani Moreira},
  journal={Tecnologias educacionais e educa{\c{c}}{\~a}o a dist{\^a}ncia: avaliando pol{\'\i}ticas e pr{\'a}ticas. Rio de Janeiro: Quartet},
  pages={74--84},
  year={2001}
}


@article{levy1999cibercultura,
  title={Cibercultura, s{\~a}o paulo, editora 34},
  author={L{\'e}vy, Pierre},
  journal={cole{\c{c}}{\~a}o Trans},
  year={1999}
}

@article{moreira2016accoes,
  title={A{\c{c}}{\~o}es Inclusivas: Repensando o Curr{\'\i}culo para a Constru{\c{c}}{\~a}o de Igualdade de Condi{\c{c}}{\~o}es para o Acesso e Perman{\^e}ncia na Educa{\c{c}}{\~a}o Superior},
  author={Moreira, Jonathan Rosa and Ribeiro, Jefferson Bruno Pereira},
  journal={Proje{\c{c}}{\~a}o e Doc{\^e}ncia},
  volume={7},
  number={2},
  pages={70--77},
  year={2016}
}

@article{silva2021integraccao,
  title={Integra{\c{c}}{\~a}o de tecnologia na educa{\c{c}}{\~a}o: proposta de modelo para capacita{\c{c}}{\~a}o docente inspirada no TPACK},
  author={SILVA, JUAREZ BENTO DA and BILESSIMO, SIMONE MEISTER SOMMER and MACHADO, LETICIA ROCHA},
  journal={Educa{\c{c}}{\~a}o em Revista},
  volume={37},
  year={2021},
  publisher={SciELO Brasil}
}

@book{wenglinsky2005using,
  title={Using technology wisely: The keys to success in schools},
  author={Wenglinsky, Harold},
  year={2005},
  publisher={Teachers College Press}
}

@misc {condetuf2023,
    author = "Conselho Nacional de Dirigentes das  Escolas Técnicas Vinculadas às Universidades Federais - Condetuf",
    title  = "Institucional",
    month  = "fev",
    year   = "2023",
    howpublished= {Disponível em: \url{https://www.condetuf.org/institucional}},
    note = "Acesso em: 16 fevereiro 2023",
}


@misc {paulo2023,
    author = "Paulo César de Souza Ignácio",
    title  = "Escolas Técnicas Federais – ETFs",
    month  = "fev",
    year   = "2023",
    howpublished= {Disponível em: \url{https://www.histedbr.fe.unicamp.br/navegando/glossario/escolas-tecnicas-federais}},
    note = "Acesso em: 13 fevereiro 2023",
}


@misc {utfpr2023,
    author = "Universidade Tecnológica Federal do Paraná  - UTFPR",
    title  = "Sobre a UTFPR",
    month  = "fev",
    year   = "2023",
    howpublished= {Disponível em: \url{http://portal.utfpr.edu.br/institucional/sobre-a-utfpr-1}},
    note = "Acesso em: 14 fevereiro 2023",
}

@misc {cpii2023,
    author = "Colégio Pedro II - CPII",
    title  = "História do CPII",
    month  = "fev",
    year   = "2023",
    howpublished= {Disponível em: \url{http://www.cp2.g12.br/historia_cp2.html}},
    note = "Acesso em: 22 fevereiro 2023",
}




@misc {conif2023,
    author = "Conselho Nacional das Instituições da Rede Federal de Educação Profissional Científica e Tecnológica - CONIF",
    title  = "Rede Federal de Ensino Profissional e Tecnológico",
    month  = "jan",
    year   = "2023",
    howpublished= {Disponível em: \url{https://113anos.redefederal.org.br/#historico}},
    note = "Acesso em: 13 janeiro 2023",
}


@misc {mec2023,
    author = "Ministério da Educação - Brasil",
    title  = "Instituições da Rede Federal ",
    month  = "fev",
    year   = "2023",
    howpublished= {Disponível em: \url{http://portal.mec.gov.br/rede-federal-inicial/instituicoes}},
    note = "Acesso em: 21 fevereiro 2023",
}


@inproceedings{borges2013,
author = {Borges, Simone and Reis, Helena and Durelli, Vinicius and Bittencourt, Ig and Jaques, Patricia and Isotani, Seiji},
year = {2013},
month = {11},
pages = {},
title = {Gamificação Aplicada à Educação: Um Mapeamento Sistemático},
doi = {10.5753/CBIE.SBIE.2013.234}
}


@inproceedings{nobre2016incorporar,
  title={Incorporar níveis educacionais na caracterização dos REAs},
  author={Nobre, Ana},
  booktitle={VII Congresso Mundial de Estilos de Aprendizagem},
  pages={1--9},
  year={2016}
}


@article{kaplun2003material,
  title={Material educativo: a experi{\^e}ncia de aprendizado},
  author={Kapl{\'u}n, Gabriel},
  journal={Comunica{\c{c}}{\~a}o \& Educa{\c{c}}{\~a}o},
  number={27},
  pages={46--60},
  year={2003}
}

@article{szwarcwald2021convid,
  title={ConVid-Pesquisa de Comportamentos pela Internet durante a pandemia de COVID-19 no Brasil: concep{\c{c}}{\~a}o e metodologia de aplica{\c{c}}{\~a}o},
  author={Szwarcwald, Celia Landmann and Souza J{\'u}nior, Paulo Roberto Borges de and Damacena, Giseli Nogueira and Malta, Deborah Carvalho and Barros, Marilisa Berti de Azevedo and Romero, Dalia Elena and Almeida, Wanessa da Silva de and Azevedo, Luiz Ot{\'a}vio and Machado, {\'I}sis Eloah and Lima, Margareth Guimar{\~a}es and others},
  journal={Cadernos de Sa{\'u}de P{\'u}blica},
  volume={37},
  pages={e00268320},
  year={2021},
  publisher={SciELO Public Health}
}


@article{ferramenta_padlet,
  title={A ferramenta “Padlet” como aux{\'\i}lio na aplica{\c{c}}{\~a}o de metodologias ativas de aprendizagem no contexto do ensino remoto emergencial},
  author={de Assis Caetano, Evellyn and de Oliveira, Fabiana L{\'u}cio and Rebelo, Karina Cenciani},
  journal={Diversitas Journal},
  volume={7},
  number={4},
  year={2022}
}

@article{florencio2021perspectivas,
  title={Perspectivas de ensino nos cursos t{\'e}cnicos: experi{\^e}ncias de professores nas aulas remotas mediadas por Jamboard},
  author={Flor{\^e}ncio, Patr{\'\i}cia and Melo, Andr{\'e} and Santos, Givaldo},
  journal={Devir Educa{\c{c}}{\~a}o},
  pages={206--226},
  year={2021}
}

@book{marquesone2016big,
  title={Big Data: T{\'e}cnicas e tecnologias para extra{\c{c}}{\~a}o de valor dos dados},
  author={Marquesone, Rosangela},
  year={2016},
  publisher={Editora Casa do C{\'o}digo}
}


@inproceedings{hartwig2019metodologias,
  title={Metodologias ativas para o ensino da computa{\c{c}}{\~a}o: uma revis{\~a}o sistem{\'a}tica e um estudo pr{\'a}tico},
  author={Hartwig, Amanda K{\"o}rber and Silveira, Marlei and Fronza, Leonardo and Mattos, Mauro and de Ara{\'u}jo Kohler, Luciana P},
  booktitle={Anais do Workshop de Inform{\'a}tica na Escola},
  volume={25},
  number={1},
  pages={1139--1143},
  year={2019}
}


@article{martins2021software,
  title={SOFTWARE LIVRE: VANTAGENS E APLICA{\c{C}}{\~O}ES},
  author={Martins, Thaise Oliveira and Carvalho, Leonardo Filipe BS and Steffen, Mario Oscar},
  journal={SEMIN{\'A}RIO DE TECNOLOGIA GEST{\~A}O E EDUCA{\c{C}}{\~A}O},
  volume={3},
  number={2},
  year={2021}
}


@article{cns510,
  title={Resolução nº510, de 07 de abril de 2016},
  author={Conselho Nacional de Saúde - Brasil},
  journal={Diário Oficial da União - Seção 1},
  url={http://www.in.gov.br},
  publisher={Imprensa Nacional},
  pages={44-46},
  issn={16777042},
  number={98},
  month={24 mai.},
  year={2016},
}

@article{cns466,
  title={Resolução nº466, de 12 de dezembro de 2012},
  author={Conselho Nacional de Saúde - Brasil},
  journal={Diário Oficial da União - Seção 1},
  url={http://www.in.gov.br},
  pages={59-62},
  publisher={Imprensa Nacional},
  issn={16777042},
  number={112},
  month={13 jun.},
  year={2013},
}




@techreport{best1972investigar,
  title={Como investigar en educaci{\'o}n},
  author={Best, John W},  
  edition   = {2"},
  year={1972}
}



@article{resolucao466-2012,
title={Dispõe sobre diretrizes e normas regulamentadoras de pesquisas envolvendo seres humanos. Resolução nº 466, de 12 de dezembro de 2012},
author={Diário Oficial [da] República Federativa do Brasil},
journal={Brasília, DF},
year={2012}
}




@article{richit2004implicaccoes,
  title={Implica{\c{c}}{\~o}es da teoria de Vygotsky aos processos de aprendizagem e desenvolvimento em ambientes mediados pelo computador},
  author={Richit, Adriana},
  journal={Revista Perspectiva},
  volume={28},
  number={103},
  pages={21--32},
  year={2004}
}

@article{pais2002tecnologias,
  title={Tecnologias inform{\'a}ticas e educa{\c{c}}{\~a}o escolar},
  author={Pais, Luis Carlos},
  journal={Belo Horizonte: Aut{\^e}ntica},
  year={2002}
}


@book{levy1993tecnologias,
  title={tecnologias da intelig{\^e}ncia, As},
  author={L{\'e}vy, Pierre},
  year={1993},
  publisher={Editora 34}
}







@book {camillo2018teorias,
    author    = "Cíntia Moralles Camillo and
Liziany Muller Medeiros",
    title     = "Teorias da educação [recurso eletrônico]",
    publisher = "NTE",
    year      = "2018",
    address   = "Santa Maria, RS",
    edition   = "1",
    note      = "ISBN 978-85-8341-227-4,"
}


@article{magalhaes2007perspectiva,
  title={A perspectiva da Lingu{\'\i}stica: linguagem, l{\'\i}ngua e fala},
  author={MAGALH{\~A}ES, M{\^o}nica MG},
  journal={Rio de Janeiro},
  year={2007}
}


@article{oliveira1997vygotsky,
  title={Vygotsky: aprendizado e desenvolvimento: um processo s{\'o}cio-hist{\'o}rico},
  author={Oliveira, Marta Kohl de},
  year={1997}
}



@book{ponte1988computador,
  title={O computador um instrumento da educa{\c{c}}{\~a}o},
  author={Ponte, Jo{\~a}o},
  year={1988}
}

@book {marconi2017fundamentos,
    author    = "Marina de Andrade Marconi and Eva Maria Lakatos",
    title     = "Fundamentos de metodologia científica",
    publisher = "Atlas",
    year      = "2017",
    address   = "São Paulo",
    edition   = "8",
    note      = "ISBN 978-85-970-1076-3,"
}

@book{fava2018trabalho,
  title={Trabalho, educa{\c{c}}{\~a}o e intelig{\^e}ncia artificial: a era do indiv{\'\i}duo vers{\'a}til},
  author={Fava, Rui},
  year={2018},
  publisher={Penso Editora}
}

@article{xavier2013educaccao,
  title={Educa{\c{c}}{\~a}o, tecnologia e inova{\c{c}}{\~a}o: o desafio da aprendizagem hipertextualizada na escola contempor{\^a}nea},
  author={Xavier, Antonio Carlos},
  journal={Revista (Con) Textos Lingu{\'\i}sticos},
  volume={7},
  number={8.1},
  pages={42--61},
  year={2013}
}

@book{pontes2018progressive,
  title={Progressive Web Apps: Construa aplica{\c{c}}{\~o}es progressivas com React},
  author={Pontes, Guilherme},
  year={2018},
  publisher={Casa do C{\'o}digo}
}

@article{garcia2018educaccao,
  title={Educa{\c{c}}{\~a}o profissional no Brasil: origem e trajet{\'o}ria},
  author={GARCIA, Adilso de Campos and DORSA, Arlinda Cantero and OLIVEIRA, Edilene Maria de and CASTILHO, Maria Augusta de},
  journal={Revista Vozes dos Vales},
  volume={12},
  pages={1--18},
  year={2018}
}

@article{candido2019era,
  title={A Era Vargas e o reordenamento do ensino t{\'e}cnico profissional: a implanta{\c{c}}{\~a}o do Liceu Industrial no Cear{\'a}},
  author={Candido, Francineuma Guedes and Juc{\'a}, Sandro C{\'e}sar Silveira and da Silva, Solonildo Almeida},
  journal={Research, Society and Development},
  volume={8},
  number={6},
  pages={e27861059},
  year={2019},
  publisher={Grupo de Pesquisa Metodologias em Ensino e Aprendizagem em Ci{\^e}ncias}
}

@article{silva2009institutos,
  title={Institutos Federais Lei 11.892, de 29/11/2008: coment{\'a}rios e reflex{\~o}es},
  author={Silva, Caetana Juracy Rezende and others},
  journal={Bras{\'\i}lia: Editora do IFRN},
  year={2009}
}


@misc {ifap2022,
    author = "Instituto Federal do Amapá - IFAP",
    title  = "Histórco",
    month  = "out",
    year   = "2022",
    howpublished= {Disponível em: \url{https://ifap.edu.br/index.php/quem-somos/historico}},
    note = "Acesso em: 31 outubro 2022",
}

@misc {ifapmacapa2022,
    author = "Instituto Federal do Amapá - IFAP",
    title  = "Histórico",
    month  = "nov",
    year   = "2022",
    howpublished = {Disponível em: \url{https://macapa.ifap.edu.br/index.php/historico}},
    note = "Acesso em: 03 novembro 2022",
}


@article{inocente2018metodologias,
  title={Metodologias ativas na educa{\c{c}}{\~a}o profissional e tecnol{\'o}gica},
  author={INOCENTE, LUCIANE and TOMMASINI, ANGELICA and CASTAMAN, ANA SARA},
  journal={Redin-Revista Educacional Interdisciplinar},
  volume={7},
  number={1},
  year={2018}
}

@article{barbosa2013metodologias,
  title={Metodologias ativas de aprendizagem na educa{\c{c}}{\~a}o profissional e tecnol{\'o}gica},
  author={Barbosa, Eduardo Fernandes and de Moura, D{\'a}cio Guimar{\~a}es},
  journal={Boletim T{\'e}cnico do Senac},
  volume={39},
  number={2},
  pages={48--67},
  year={2013}
}

@article{moran2015mudando,
  title={Mudando a educa{\c{c}}{\~a}o com metodologias ativas},
  author={Mor{\'a}n, Jos{\'e}},
  journal={Cole{\c{c}}{\~a}o m{\'\i}dias contempor{\^a}neas. Converg{\^e}ncias midi{\'a}ticas, educa{\c{c}}{\~a}o e cidadania: aproxima{\c{c}}{\~o}es jovens},
  volume={2},
  number={1},
  pages={15--33},
  year={2015}
}


@article{bacich2015aprender,
  title={Aprender e ensinar com foco na educa{\c{c}}{\~a}o h{\'\i}brida},
  author={Bacich, Lilian and Moran, Jos{\'e}},
  journal={Revista P{\'a}tio},
  volume={17},
  number={25},
  pages={45--47},
  year={2015},
  publisher={n}
}


@Book{Lucas1,
	author = {João Lucas Marques Barbosa},
	title = {Geometria Hiperbólica},
	publisher = {IMPA},
	address = {IMPA, Rio de Janeiro},
	year = {1995}
	}

@Book{Lucas2,
	author = {João Lucas Marques Barbosa},
	title = {Geometria Euclidiana Plana},
	publisher = {SBM, Coleção do Professor de Matemática},
	address = {Rio de Janeiro},
	year = {2006}
	}

@Book{Bonola,
	author = {Roberto Bonola},
	title = {Non Euclidean Geometry - A critical and historical study of its development},
	publisher = {Dover Publications},
	address = {New York},
	year = {1955}
	}

@Article{joao1,
  author  = {João da Silva and Marcos Coelho and Maisa Moura},
  title   = {Como fazer Monografia},
  journal = {Revista UFOP},
  year    = {2015},
  pages   = {1-10},
}

@Book{exemplolivro,
  title     = {Exemplo Livro},
  publisher = {Editora},
  year      = {2004},
  author    = {Salomão Braga},
  address   = {Ouro Preto},
  edition   = {3},
}

@MastersThesis{ModeloDissertacao,
  author = {Maisa Silva Moura},
  title  = {Título da Dissertação},
  school = {Universidade Federal de Ouro Preto},
  year   = {2016},
}

@InBook{ModeloCapLivro,
  chapter   = {Capitulo Livro},
  pages     = {1 - 10},
  title     = {Título do livro},
  publisher = {Editora},
  year      = {2016},
  author    = {Paulo Silva and Marcos Coelho},
  address   = {Belo Horizonte},
  edition   = {1},
  school    = {Universidade Federal de Ouro Preto},
}

@Manual{NBR10520,
  title         = {{NBR} 10520},
  organization  = {Associação Brasileira de Normas Técnicas},
  address       = {Rio de Janeiro},
  month         = {agosto},
  year          = {2002},
  date-added    = {2012-12-15 21:43:38 +0000},
  date-modified = {2013-01-12 22:17:20 +0000},
  org-short     = {ABNT},
  pages         = {7},
  subtitle      = {Informação e documentação - Apresentação de citações em documentos},
}

